% Encoding: UTF-8
@book{Knuth1998,
    author = {Knuth, Donald E.},
    title = {The art of computer programming,  volume 3: (2nd ed.) sorting and searching},
    year = {1998},
    publisher = {Addison Wesley Longman Publishing Co., Inc.},
    address = {Redwood City, CA, USA}
}

@book{Pollefliet2011,
    author = {Pollefliet, Leen},
    title = {Schrijven van verslag tot eindwerk: do's en don'ts},
    year = {2011},
    publisher = {Academia Press},
    address = {Gent}
}

@Article{Creeger2009,
    author = {Creeger, Mache},
    journal = {Communications of the ACM},
    number = {8},
    pages = {50--56},
    title = {{CTO Roundtable: Cloud Computing}},
    volume = {52},
    year = {2009}
}

@Online{VanDale2020,
    author = {Van Dale, Dikke},
    editor = {Van Dale, Dikke},
    title  = {Betekenis 'drone'},
    url    = {https://www.vandale.nl/gratis-woordenboek/nederlands/betekenis/drone},
    year = {2020},
    urldate = {2020-03-25}
}

@Online{Brown2016,
    author = {Brown, Jack},
    editor = {Brown, Jack},
    title  = {Types of Military Drones: The Best Technology Available Today},
    url    = {https://www.mydronelab.com/blog/types-of-military-drones.html},
    year = {2016},
    urldate = {2020-03-22}
}

@Article{Fieldstadt2015,
    author = {Fieldstadt, Elisa},
    editor = {Fieldstadt, Elisa},
    title  = {Drones Used to Stop Elephant and Rhino Poachers in Africa},
    url    = {https://www.nbcnews.com/news/world/air-shepherd-uses-drones-stop-elephant-rhino-poachers-africa-n335801},
    year = {2015},
    urldate = {2020-03-25}
}

@Online{Yuang2020,
    author = {Yuang, Junwei},
    editor = {Yuang, Junwei},
    title  = {3 ways China is using drones to fight coronavirus},
    url    = {https://www.weforum.org/agenda/2020/03/three-ways-china-is-using-drones-to-fight-coronavirus/},
    year = {2020},
    urldate = {2020-03-25}
}

@Online{Jurovich2017,
    author = {Jurovich, Surveying},
    title  = {What's The Difference Between UAV And UAS?},
    date = {2017-12-21},
    url    = {https://www.youtube.com/watch?v=kslUbOOCE6k},
    urldate = {2020-03-25}
}

@Online{DJI2019,
    author = {DJI, Enterprise},
    title  = {DJI - Introducing the P4 Multispectral},
    date = {2019-09-24},
    url    = {https://www.youtube.com/watch?v=vXJBv3wQeGo},
    urldate = {2020-03-28}
}

@Online{BestRCcopters,
    author = {{BestRCcopters}},
    title  = {A history of drones},
    url    = {http://www.bestrccopters.com/images/historyofdroneinfographic.jpg},
    urldate = {2020-03-28}
}

@Online{Pumphrey,
    author = {Pumphrey, Clint},
    title  = {How Drone Strikes Work},
    url    = {https://science.howstuffworks.com/drone-strikes.htm},
    urldate = {2020-04-01}
}

@Article{Guttman2016,
    author = {Guttman, Robert},
    title = {Hollywood and Drones: The Forgotten Connection},
    journaltitle = {Hollywood and Drones: The Forgotten Connection},
    year = {2016},
    url = {https://www.historynet.com/drones-hollywood-connection.htm},
    abstract = {Actor Reginald Dennyâ€™s interest in flying models led him to play a vital part [...]},
    keywords = {Drones, history, [...]},
    urldate = {2020-04-01},
}

@Comment{jabref-meta: databaseType:biblatex;}
